<?xml version = "1.0" encoding = "UTF-8"?><record>
    <leader>01418nam#a2200385#cb4500</leader>
    <controlfield tag="005">20200115164000.0</controlfield>
    <controlfield tag="007">tu</controlfield>
    <controlfield tag="008">990228|1969####gw############|||#|#ger#c</controlfield>
    <controlfield tag="003">DE-605</controlfield>
    <controlfield tag="001">990058434730206441</controlfield>
    <datafield tag="016" ind1="7" ind2=" ">
      <subfield code="a">890101063</subfield>
      <subfield code="2">OCoLC</subfield>
    </datafield>
    <datafield tag="035" ind1=" " ind2=" ">
      <subfield code="a">(DE-605)HT000893437</subfield>
    </datafield>
    <datafield tag="040" ind1=" " ind2=" ">
      <subfield code="c">DE-605</subfield>
      <subfield code="a">HBZ/Red</subfield>
      <subfield code="b">ger</subfield>
      <subfield code="d">6</subfield>
      <subfield code="e">rakwb</subfield>
      <subfield code="d">DE-605</subfield>
    </datafield>
    <datafield tag="041" ind1=" " ind2=" ">
      <subfield code="a">ger</subfield>
      <subfield code="a">heb</subfield>
    </datafield>
    <datafield tag="044" ind1=" " ind2=" ">
      <subfield code="c">XA-DE</subfield>
    </datafield>
    <datafield tag="100" ind1="1" ind2=" ">
      <subfield code="a">Shali&#7789;, Avraham</subfield>
      <subfield code="d">1898-1979</subfield>
      <subfield code="0">(DE-588)143395580</subfield>
      <subfield code="4">aut</subfield>
      <subfield code="0">https://portal.dnb.de/opac.htm?method=simpleSearch&amp;cqlMode=true&amp;query=idn=143395580</subfield>
      <subfield code="0">http://viaf.org/viaf/sourceID/DNB|143395580</subfield>
      <subfield code="B">GND-143395580</subfield>
    </datafield>
    <datafield tag="240" ind1="1" ind2="0">
      <subfield code="a">H&#250;&#768;rd&#250;&#768;s ham-mele&#7733;</subfield>
      <subfield code="g">dt.</subfield>
    </datafield>
    <datafield tag="245" ind1="1" ind2="0">
      <subfield code="a">K&#246;nig Herodes</subfield>
      <subfield code="b">der Mann und sein Werk</subfield>
      <subfield code="c">von Abraham Schalit</subfield>
    </datafield>
    <datafield tag="250" ind1=" " ind2=" ">
      <subfield code="a">vom Verf. &#252;berarb. u. bedeutend erw. Fassung d. 1960 ersch. hebr. Originals</subfield>
    </datafield>
    <datafield tag="264" ind1=" " ind2="1">
      <subfield code="a">Berlin</subfield>
      <subfield code="b">de Gruyter</subfield>
      <subfield code="c">1969</subfield>
    </datafield>
    <datafield tag="300" ind1=" " ind2=" ">
      <subfield code="a">XVI, 889 S. : Ill., Kt.</subfield>
    </datafield>
    <datafield tag="490" ind1="1" ind2=" ">
      <subfield code="a">Studia Judaica</subfield>
      <subfield code="v">4</subfield>
    </datafield>
    <datafield tag="689" ind1="0" ind2="0">
      <subfield code="a">Herodes Antipas</subfield>
      <subfield code="c">Galil&#228;a, Tetrarch</subfield>
      <subfield code="d">v20-39</subfield>
      <subfield code="D">p</subfield>
      <subfield code="0">(DE-588)118703781</subfield>
      <subfield code="0">https://portal.dnb.de/opac.htm?method=simpleSearch&amp;cqlMode=true&amp;query=idn=118703781</subfield>
      <subfield code="0">http://viaf.org/viaf/sourceID/DNB|118703781</subfield>
      <subfield code="B">GND-118703781</subfield>
    </datafield>
    <datafield tag="035" ind1=" " ind2=" ">
      <subfield code="a">(OCoLC)890101063</subfield>
      <subfield code="0">http://www.worldcat.org/oclc/890101063</subfield>
    </datafield>
    <datafield tag="035" ind1=" " ind2=" ">
      <subfield code="a">(DE-599)HBZHT000893437</subfield>
    </datafield>
    <datafield tag="964" ind1="0" ind2="s">
      <subfield code="F">051</subfield>
      <subfield code="A">s|||||||</subfield>
    </datafield>
    <datafield tag="964" ind1="0" ind2="i">
      <subfield code="I">marc-FMT via MAB2MARC</subfield>
      <subfield code="F">FMT</subfield>
      <subfield code="A">BK</subfield>
    </datafield>
    <datafield tag="964" ind1="0" ind2="s">
      <subfield code="F">030</subfield>
      <subfield code="A">a|1uc||||||17</subfield>
    </datafield>
    <datafield tag="964" ind1="0" ind2="s">
      <subfield code="F">050</subfield>
      <subfield code="A">a|||||||||||||</subfield>
    </datafield>
    <datafield tag="830" ind1=" " ind2="0">
      <subfield code="a">Studia Judaica</subfield>
      <subfield code="w">(DE-605)HT001247609</subfield>
      <subfield code="v">4</subfield>
      <subfield code="9">O:1</subfield>
    </datafield>
    <datafield tag="856" ind1="4" ind2="2">
      <subfield code="m">V:DE-605;X:Imageware</subfield>
      <subfield code="q">application/pdf</subfield>
      <subfield code="u">http://digitale-objekte.hbz-nrw.de/storage2/2021/05/31/file_1/9034428.pdf</subfield>
      <subfield code="3">Inhaltsverzeichnis</subfield>
      <subfield code="9">O:PKN</subfield>
    </datafield>
    <datafield tag="600" ind1="1" ind2="4">
      <subfield code="a">Herodes &lt;Jud&#228;a, K&#246;nig, I.&gt;</subfield>
    </datafield>
    <datafield tag="600" ind1="1" ind2="4">
      <subfield code="a">Makkab&#228;er</subfield>
    </datafield>
    <datafield tag="650" ind1=" " ind2="4">
      <subfield code="a">Herrschaftssystem</subfield>
    </datafield>
    <datafield tag="650" ind1=" " ind2="4">
      <subfield code="a">Neues Testament / Zeithintergrund</subfield>
    </datafield>
    <datafield tag="655" ind1=" " ind2="7">
      <subfield code="a">Biografie</subfield>
      <subfield code="0">(DE-588)4006804-3</subfield>
      <subfield code="2">gnd-content</subfield>
    </datafield>
    <datafield tag="MBD" ind1=" " ind2=" ">
      <subfield code="M">49HBZ_NETWORK</subfield>
      <subfield code="i">990058434730206441</subfield>
      <subfield code="n">HBZ Network</subfield>
    </datafield>
    <datafield tag="MBD" ind1=" " ind2=" ">
      <subfield code="M">49HBZ_WUP</subfield>
      <subfield code="i">990001835890206447</subfield>
      <subfield code="n">Bergische Universit&#228;t Wuppertal</subfield>
    </datafield>
    <datafield tag="830" ind1=" " ind2="0">
      <subfield code="a">Studia Judaica</subfield>
      <subfield code="w">(DE-605)HT001247609</subfield>
      <subfield code="v">4</subfield>
      <subfield code="9">O:1</subfield>
      <subfield code="M">49HBZ_WUP</subfield>
    </datafield>
    <datafield tag="856" ind1="4" ind2="2">
      <subfield code="m">V:DE-605;X:Imageware</subfield>
      <subfield code="q">application/pdf</subfield>
      <subfield code="u">http://digitale-objekte.hbz-nrw.de/storage2/2021/05/31/file_1/9034428.pdf</subfield>
      <subfield code="3">Inhaltsverzeichnis</subfield>
      <subfield code="9">O:PKN</subfield>
      <subfield code="M">49HBZ_WUP</subfield>
    </datafield>
    <datafield tag="983" ind1=" " ind2=" ">
      <subfield code="b">INR</subfield>
      <subfield code="9">LOCAL</subfield>
      <subfield code="M">49HBZ_WUP</subfield>
    </datafield>
    <datafield tag="MBD" ind1=" " ind2=" ">
      <subfield code="M">49HBZ_UDE</subfield>
      <subfield code="i">990001493040206446</subfield>
      <subfield code="n">Universit&#228;t Duisburg-Essen</subfield>
    </datafield>
    <datafield tag="830" ind1=" " ind2="0">
      <subfield code="a">Studia Judaica</subfield>
      <subfield code="w">(DE-605)HT001247609</subfield>
      <subfield code="v">4</subfield>
      <subfield code="9">O:1</subfield>
      <subfield code="M">49HBZ_UDE</subfield>
    </datafield>
    <datafield tag="856" ind1="4" ind2="2">
      <subfield code="m">V:DE-605;X:Imageware</subfield>
      <subfield code="q">application/pdf</subfield>
      <subfield code="u">http://digitale-objekte.hbz-nrw.de/storage2/2021/05/31/file_1/9034428.pdf</subfield>
      <subfield code="3">Inhaltsverzeichnis</subfield>
      <subfield code="9">O:PKN</subfield>
      <subfield code="M">49HBZ_UDE</subfield>
    </datafield>
    <datafield tag="983" ind1=" " ind2=" ">
      <subfield code="b">LBB</subfield>
      <subfield code="9">LOCAL</subfield>
      <subfield code="M">49HBZ_UDE</subfield>
    </datafield>
    <datafield tag="MBD" ind1=" " ind2=" ">
      <subfield code="M">49HBZ_DUE</subfield>
      <subfield code="i">990001244930206443</subfield>
      <subfield code="n">Universit&#228;t D&#252;sseldorf</subfield>
    </datafield>
    <datafield tag="830" ind1=" " ind2="0">
      <subfield code="a">Studia Judaica</subfield>
      <subfield code="w">(DE-605)HT001247609</subfield>
      <subfield code="v">4</subfield>
      <subfield code="9">O:1</subfield>
      <subfield code="M">49HBZ_DUE</subfield>
    </datafield>
    <datafield tag="856" ind1="4" ind2="2">
      <subfield code="m">V:DE-605;X:Imageware</subfield>
      <subfield code="q">application/pdf</subfield>
      <subfield code="u">http://digitale-objekte.hbz-nrw.de/storage2/2021/05/31/file_1/9034428.pdf</subfield>
      <subfield code="3">Inhaltsverzeichnis</subfield>
      <subfield code="9">O:PKN</subfield>
      <subfield code="M">49HBZ_DUE</subfield>
    </datafield>
    <datafield tag="983" ind1=" " ind2=" ">
      <subfield code="a">FBhise50000</subfield>
      <subfield code="9">LOCAL</subfield>
      <subfield code="M">49HBZ_DUE</subfield>
    </datafield>
    <datafield tag="983" ind1=" " ind2=" ">
      <subfield code="a">jstc880</subfield>
      <subfield code="9">LOCAL</subfield>
      <subfield code="M">49HBZ_DUE</subfield>
    </datafield>
    <datafield tag="996" ind1=" " ind2=" ">
      <subfield code="s">K&#246;nig</subfield>
      <subfield code="0">(DE-588)4031516-2</subfield>
      <subfield code="9">LOCAL</subfield>
      <subfield code="M">49HBZ_DUE</subfield>
    </datafield>
    <datafield tag="996" ind1=" " ind2=" ">
      <subfield code="s">Mann</subfield>
      <subfield code="0">(DE-588)4037363-0</subfield>
      <subfield code="9">LOCAL</subfield>
      <subfield code="M">49HBZ_DUE</subfield>
    </datafield>
    <datafield tag="996" ind1=" " ind2=" ">
      <subfield code="s">Werk</subfield>
      <subfield code="0">(DE-588)4117633-9</subfield>
      <subfield code="9">LOCAL</subfield>
      <subfield code="M">49HBZ_DUE</subfield>
    </datafield>
    <datafield tag="MBD" ind1=" " ind2=" ">
      <subfield code="M">49HBZ_ULM</subfield>
      <subfield code="i">991018958949706449</subfield>
      <subfield code="n">Universit&#228;t M&#252;nster</subfield>
    </datafield>
    <datafield tag="830" ind1=" " ind2="0">
      <subfield code="a">Studia Judaica</subfield>
      <subfield code="w">(DE-605)HT001247609</subfield>
      <subfield code="v">4</subfield>
      <subfield code="9">O:1</subfield>
      <subfield code="M">49HBZ_ULM</subfield>
    </datafield>
    <datafield tag="856" ind1="4" ind2="2">
      <subfield code="m">V:DE-605;X:Imageware</subfield>
      <subfield code="q">application/pdf</subfield>
      <subfield code="u">http://digitale-objekte.hbz-nrw.de/storage2/2021/05/31/file_1/9034428.pdf</subfield>
      <subfield code="3">Inhaltsverzeichnis</subfield>
      <subfield code="9">O:PKN</subfield>
      <subfield code="M">49HBZ_ULM</subfield>
    </datafield>
    <datafield tag="980" ind1="1" ind2="2">
      <subfield code="e">HBZ</subfield>
      <subfield code="9">LOCAL</subfield>
      <subfield code="M">49HBZ_ULM</subfield>
    </datafield>
    <datafield tag="981" ind1=" " ind2=" ">
      <subfield code="a">(DE-6)50423</subfield>
      <subfield code="9">LOCAL</subfield>
      <subfield code="M">49HBZ_ULM</subfield>
    </datafield>
    <datafield tag="995" ind1=" " ind2=" ">
      <subfield code="a">69 hist 61</subfield>
      <subfield code="2">akz_loc</subfield>
      <subfield code="9">LOCAL</subfield>
      <subfield code="M">49HBZ_ULM</subfield>
    </datafield>
    <datafield tag="995" ind1=" " ind2=" ">
      <subfield code="a">122:69/2</subfield>
      <subfield code="2">akz_loc</subfield>
      <subfield code="9">LOCAL</subfield>
      <subfield code="M">49HBZ_ULM</subfield>
    </datafield>
    <datafield tag="995" ind1=" " ind2=" ">
      <subfield code="a">ZV 240/88</subfield>
      <subfield code="2">akz_loc</subfield>
      <subfield code="9">LOCAL</subfield>
      <subfield code="M">49HBZ_ULM</subfield>
    </datafield>
    <datafield tag="MBD" ind1=" " ind2=" ">
      <subfield code="M">49HBZ_SIE</subfield>
      <subfield code="i">990001880680106462</subfield>
      <subfield code="n">Universit&#228;t Siegen</subfield>
    </datafield>
    <datafield tag="830" ind1=" " ind2="0">
      <subfield code="a">Studia Judaica</subfield>
      <subfield code="w">(DE-605)HT001247609</subfield>
      <subfield code="v">4</subfield>
      <subfield code="9">O:1</subfield>
      <subfield code="M">49HBZ_SIE</subfield>
    </datafield>
    <datafield tag="856" ind1="4" ind2="2">
      <subfield code="m">V:DE-605;X:Imageware</subfield>
      <subfield code="q">application/pdf</subfield>
      <subfield code="u">http://digitale-objekte.hbz-nrw.de/storage2/2021/05/31/file_1/9034428.pdf</subfield>
      <subfield code="3">Inhaltsverzeichnis</subfield>
      <subfield code="9">O:PKN</subfield>
      <subfield code="M">49HBZ_SIE</subfield>
    </datafield>
    <datafield tag="983" ind1=" " ind2=" ">
      <subfield code="b">INR</subfield>
      <subfield code="9">LOCAL</subfield>
      <subfield code="M">49HBZ_SIE</subfield>
    </datafield>
    <datafield tag="MBD" ind1=" " ind2=" ">
      <subfield code="M">49HBZ_PAD</subfield>
      <subfield code="i">990001355660106463</subfield>
      <subfield code="n">Universit&#228;tsbibliothek Paderborn</subfield>
    </datafield>
    <datafield tag="830" ind1=" " ind2="0">
      <subfield code="a">Studia Judaica</subfield>
      <subfield code="w">(DE-605)HT001247609</subfield>
      <subfield code="v">4</subfield>
      <subfield code="9">O:1</subfield>
      <subfield code="M">49HBZ_PAD</subfield>
    </datafield>
    <datafield tag="856" ind1="4" ind2="2">
      <subfield code="m">V:DE-605;X:Imageware</subfield>
      <subfield code="q">application/pdf</subfield>
      <subfield code="u">http://digitale-objekte.hbz-nrw.de/storage2/2021/05/31/file_1/9034428.pdf</subfield>
      <subfield code="3">Inhaltsverzeichnis</subfield>
      <subfield code="9">O:PKN</subfield>
      <subfield code="M">49HBZ_PAD</subfield>
    </datafield>
    <datafield tag="981" ind1=" " ind2=" ">
      <subfield code="a">000135566</subfield>
      <subfield code="l">doclib</subfield>
      <subfield code="9">LOCAL</subfield>
      <subfield code="M">49HBZ_PAD</subfield>
    </datafield>
    <datafield tag="983" ind1=" " ind2=" ">
      <subfield code="a">INR</subfield>
      <subfield code="9">LOCAL</subfield>
      <subfield code="M">49HBZ_PAD</subfield>
    </datafield>
    <datafield tag="MNG" ind1=" " ind2=" ">
      <subfield code="c">System</subfield>
      <subfield code="f">HBZ</subfield>
      <subfield code="i">marc21</subfield>
      <subfield code="h">20200115164000.0</subfield>
      <subfield code="k">01</subfield>
      <subfield code="e">false</subfield>
      <subfield code="d">2022-09-13 00:39:07 Europe/Berlin</subfield>
      <subfield code="g">005843473-HBZ01</subfield>
      <subfield code="j">60</subfield>
      <subfield code="a">import</subfield>
      <subfield code="b">2021-04-05 19:23:04 Europe/Berlin</subfield>
    </datafield>
    <datafield tag="H52" ind1=" " ind2=" ">
      <subfield code="b">W0001</subfield>
      <subfield code="c">21</subfield>
      <subfield code="h"></subfield>
      <subfield code="8">22143362630006447</subfield>
    </datafield>
    <datafield tag="HOL" ind1=" " ind2=" ">
      <subfield code="b">2021-04-06 08:48:05</subfield>
      <subfield code="8">22143362630006447</subfield>
      <subfield code="M">49HBZ_WUP</subfield>
      <subfield code="g">false</subfield>
      <subfield code="a">import</subfield>
    </datafield>
    <datafield tag="ITM" ind1=" " ind2=" ">
      <subfield code="H">22143362630006447</subfield>
      <subfield code="x">21</subfield>
      <subfield code="f">BOOK</subfield>
      <subfield code="v">21</subfield>
      <subfield code="p">11</subfield>
      <subfield code="X">System</subfield>
      <subfield code="U">1984-08-31 12:59:00 Europe/Berlin</subfield>
      <subfield code="Y">2021-04-06 10:49:02 Europe/Berlin</subfield>
      <subfield code="h">false</subfield>
      <subfield code="n">INR1130</subfield>
      <subfield code="M">49HBZ_WUP</subfield>
      <subfield code="s">1</subfield>
      <subfield code="d">#</subfield>
      <subfield code="V">import</subfield>
      <subfield code="b">000565227000010</subfield>
      <subfield code="a">23143362620006447</subfield>
      <subfield code="t">8</subfield>
      <subfield code="R">Maintenance count: 007</subfield>
      <subfield code="W">1984-08-31 02:00:00 Europe/Berlin</subfield>
      <subfield code="u">W0001</subfield>
      <subfield code="w">W0001</subfield>
    </datafield>
    <datafield tag="H52" ind1="8" ind2=" ">
      <subfield code="b">E0001</subfield>
      <subfield code="c">E11</subfield>
      <subfield code="h">LBB1092</subfield>
      <subfield code="8">22378107650006446</subfield>
    </datafield>
    <datafield tag="HOL" ind1=" " ind2=" ">
      <subfield code="b">2021-04-15 16:28:06</subfield>
      <subfield code="8">22378107650006446</subfield>
      <subfield code="M">49HBZ_UDE</subfield>
      <subfield code="g">false</subfield>
      <subfield code="a">import</subfield>
    </datafield>
    <datafield tag="ITM" ind1=" " ind2=" ">
      <subfield code="H">22378107650006446</subfield>
      <subfield code="x">E11</subfield>
      <subfield code="f">BOOK</subfield>
      <subfield code="v">E11</subfield>
      <subfield code="p">10</subfield>
      <subfield code="X">System</subfield>
      <subfield code="U">1984-08-31 12:59:00 Europe/Berlin</subfield>
      <subfield code="Y">2021-05-14 12:32:59 Europe/Berlin</subfield>
      <subfield code="h">false</subfield>
      <subfield code="n">LBB1092</subfield>
      <subfield code="M">49HBZ_UDE</subfield>
      <subfield code="s">1</subfield>
      <subfield code="d">8</subfield>
      <subfield code="V">import</subfield>
      <subfield code="b">LBB1092</subfield>
      <subfield code="a">23378107640006446</subfield>
      <subfield code="t">8</subfield>
      <subfield code="c">LBB1092</subfield>
      <subfield code="B">77/16982</subfield>
      <subfield code="D">20000217</subfield>
      <subfield code="W">1984-08-31 02:00:00 Europe/Berlin</subfield>
      <subfield code="u">E0001</subfield>
      <subfield code="w">E0001</subfield>
    </datafield>
    <datafield tag="H52" ind1="8" ind2=" ">
      <subfield code="b">X0001</subfield>
      <subfield code="c">00</subfield>
      <subfield code="h">JUEDG432:4</subfield>
      <subfield code="8">22316394080006443</subfield>
    </datafield>
    <datafield tag="HOL" ind1=" " ind2=" ">
      <subfield code="b">2021-04-01 13:04:42</subfield>
      <subfield code="8">22316394080006443</subfield>
      <subfield code="M">49HBZ_DUE</subfield>
      <subfield code="g">false</subfield>
      <subfield code="a">import</subfield>
    </datafield>
    <datafield tag="H52" ind1="8" ind2=" ">
      <subfield code="b">X0025</subfield>
      <subfield code="c">25</subfield>
      <subfield code="h">jstc880.s168</subfield>
      <subfield code="8">22316394040006443</subfield>
    </datafield>
    <datafield tag="HOL" ind1=" " ind2=" ">
      <subfield code="d">2022-09-12 15:06:20</subfield>
      <subfield code="8">22316394040006443</subfield>
      <subfield code="b">2021-04-01 13:04:42</subfield>
      <subfield code="M">49HBZ_DUE</subfield>
      <subfield code="g">false</subfield>
      <subfield code="a">import</subfield>
      <subfield code="c">System</subfield>
    </datafield>
    <datafield tag="H52" ind1="8" ind2=" ">
      <subfield code="b">X0001</subfield>
      <subfield code="c">00</subfield>
      <subfield code="h">jst/a0045</subfield>
      <subfield code="8">22316394060006443</subfield>
    </datafield>
    <datafield tag="HOL" ind1=" " ind2=" ">
      <subfield code="b">2021-04-01 13:04:42</subfield>
      <subfield code="8">22316394060006443</subfield>
      <subfield code="M">49HBZ_DUE</subfield>
      <subfield code="g">false</subfield>
      <subfield code="a">import</subfield>
    </datafield>
    <datafield tag="ITM" ind1=" " ind2=" ">
      <subfield code="H">22316394080006443</subfield>
      <subfield code="x">00</subfield>
      <subfield code="f">BOOK</subfield>
      <subfield code="v">00</subfield>
      <subfield code="p">11</subfield>
      <subfield code="X">System</subfield>
      <subfield code="U">2000-08-17 12:59:00 Europe/Berlin</subfield>
      <subfield code="Y">2021-04-01 15:06:00 Europe/Berlin</subfield>
      <subfield code="h">false</subfield>
      <subfield code="M">49HBZ_DUE</subfield>
      <subfield code="s">1</subfield>
      <subfield code="d">8</subfield>
      <subfield code="V">import</subfield>
      <subfield code="b">402856101</subfield>
      <subfield code="a">23316394070006443</subfield>
      <subfield code="R">Maintenance count: 001</subfield>
      <subfield code="c">JUEDG432:4</subfield>
      <subfield code="W">2000-08-17 02:00:00 Europe/Berlin</subfield>
      <subfield code="u">X0001</subfield>
      <subfield code="w">X0001</subfield>
    </datafield>
    <datafield tag="ITM" ind1=" " ind2=" ">
      <subfield code="H">22316394040006443</subfield>
      <subfield code="x">25</subfield>
      <subfield code="f">BOOK</subfield>
      <subfield code="v">25</subfield>
      <subfield code="p">10</subfield>
      <subfield code="X">System</subfield>
      <subfield code="U">2004-01-13 11:59:00 Europe/Berlin</subfield>
      <subfield code="Y">2021-04-01 15:06:00 Europe/Berlin</subfield>
      <subfield code="h">false</subfield>
      <subfield code="M">49HBZ_DUE</subfield>
      <subfield code="s">1</subfield>
      <subfield code="d">8</subfield>
      <subfield code="V">import</subfield>
      <subfield code="b">402856102</subfield>
      <subfield code="a">23316394030006443</subfield>
      <subfield code="R">Maintenance count: 030</subfield>
      <subfield code="c">jstc880.s168</subfield>
      <subfield code="B">Unverl_Zugang613</subfield>
      <subfield code="D">20040113</subfield>
      <subfield code="W">2004-01-13 01:00:00 Europe/Berlin</subfield>
      <subfield code="u">X0025</subfield>
      <subfield code="w">X0025</subfield>
    </datafield>
    <datafield tag="ITM" ind1=" " ind2=" ">
      <subfield code="H">22316394060006443</subfield>
      <subfield code="x">00</subfield>
      <subfield code="f">BOOK</subfield>
      <subfield code="v">00</subfield>
      <subfield code="p">11</subfield>
      <subfield code="X">System</subfield>
      <subfield code="U">2004-01-13 11:59:00 Europe/Berlin</subfield>
      <subfield code="Y">2021-04-01 15:06:00 Europe/Berlin</subfield>
      <subfield code="h">false</subfield>
      <subfield code="M">49HBZ_DUE</subfield>
      <subfield code="s">1</subfield>
      <subfield code="d">8</subfield>
      <subfield code="V">import</subfield>
      <subfield code="b">402856103</subfield>
      <subfield code="a">23316394050006443</subfield>
      <subfield code="R">Maintenance count: 001</subfield>
      <subfield code="c">jst/a0045</subfield>
      <subfield code="W">2004-01-13 01:00:00 Europe/Berlin</subfield>
      <subfield code="u">X0001</subfield>
      <subfield code="w">X0001</subfield>
    </datafield>
    <datafield tag="H52" ind1="8" ind2=" ">
      <subfield code="b">KATJ</subfield>
      <subfield code="c">KATJ_BIB</subfield>
      <subfield code="h">HS:C-25,4</subfield>
      <subfield code="8">22602951580006449</subfield>
    </datafield>
    <datafield tag="HOL" ind1=" " ind2=" ">
      <subfield code="b">2022-07-11 13:14:04</subfield>
      <subfield code="8">22602951580006449</subfield>
      <subfield code="M">49HBZ_ULM</subfield>
      <subfield code="g">false</subfield>
      <subfield code="a">import</subfield>
    </datafield>
    <datafield tag="H52" ind1="8" ind2=" ">
      <subfield code="b">IJD</subfield>
      <subfield code="c">IJD_BIB</subfield>
      <subfield code="h">Oa 47 S 297</subfield>
      <subfield code="8">22602951500006449</subfield>
    </datafield>
    <datafield tag="HOL" ind1=" " ind2=" ">
      <subfield code="b">2022-07-11 13:14:04</subfield>
      <subfield code="8">22602951500006449</subfield>
      <subfield code="M">49HBZ_ULM</subfield>
      <subfield code="g">false</subfield>
      <subfield code="a">import</subfield>
    </datafield>
    <datafield tag="H52" ind1="8" ind2=" ">
      <subfield code="b">ZB</subfield>
      <subfield code="c">ZB_FHM2</subfield>
      <subfield code="h">3G 18788</subfield>
      <subfield code="8">22602951650006449</subfield>
    </datafield>
    <datafield tag="HOL" ind1=" " ind2=" ">
      <subfield code="b">2022-07-11 13:14:04</subfield>
      <subfield code="8">22602951650006449</subfield>
      <subfield code="M">49HBZ_ULM</subfield>
      <subfield code="g">false</subfield>
      <subfield code="a">import</subfield>
    </datafield>
    <datafield tag="H52" ind1="8" ind2=" ">
      <subfield code="b">EVT</subfield>
      <subfield code="c">EVT_BIB</subfield>
      <subfield code="h">NT Gab 969</subfield>
      <subfield code="8">22602951540006449</subfield>
    </datafield>
    <datafield tag="HOL" ind1=" " ind2=" ">
      <subfield code="b">2022-07-11 13:14:04</subfield>
      <subfield code="8">22602951540006449</subfield>
      <subfield code="M">49HBZ_ULM</subfield>
      <subfield code="g">false</subfield>
      <subfield code="a">import</subfield>
    </datafield>
    <datafield tag="H52" ind1="8" ind2=" ">
      <subfield code="b">FBH</subfield>
      <subfield code="c">FBH_KPBIB</subfield>
      <subfield code="h">Hist 6,68/10</subfield>
      <subfield code="8">22602951620006449</subfield>
    </datafield>
    <datafield tag="HOL" ind1=" " ind2=" ">
      <subfield code="b">2022-07-11 13:14:04</subfield>
      <subfield code="8">22602951620006449</subfield>
      <subfield code="M">49HBZ_ULM</subfield>
      <subfield code="g">false</subfield>
      <subfield code="a">import</subfield>
    </datafield>
    <datafield tag="ITM" ind1=" " ind2=" ">
      <subfield code="H">22602951500006449</subfield>
      <subfield code="x">IJD_BIB</subfield>
      <subfield code="f">BOOK</subfield>
      <subfield code="v">IJD_BIB</subfield>
      <subfield code="X">AMO_TL2_FIX</subfield>
      <subfield code="U">2022-07-10 12:59:00 Europe/Berlin</subfield>
      <subfield code="Y">2022-07-12 13:10:54 Europe/Berlin</subfield>
      <subfield code="h">false</subfield>
      <subfield code="Q">SISIS-Ausleihz&#228;hler Migrationsjahr: 0 | SISIS-Ausleihz&#228;hler Vor-Migrationsjahr: 0 | SISIS-Ausleihz&#228;hler vorletztes Migrationsjahr: 0</subfield>
      <subfield code="M">49HBZ_ULM</subfield>
      <subfield code="s">1</subfield>
      <subfield code="d">8</subfield>
      <subfield code="V">import</subfield>
      <subfield code="L">nS</subfield>
      <subfield code="b">Z140-016417</subfield>
      <subfield code="O">Fernleihkonditionen: 3</subfield>
      <subfield code="a">23602951480006449</subfield>
      <subfield code="R">DBS-Systematik: 0</subfield>
      <subfield code="c">Oa 47 S 297</subfield>
      <subfield code="W">2022-07-11 15:14:04 Europe/Berlin</subfield>
      <subfield code="u">IJD</subfield>
      <subfield code="w">IJD</subfield>
    </datafield>
    <datafield tag="ITM" ind1=" " ind2=" ">
      <subfield code="H">22602951650006449</subfield>
      <subfield code="x">ZB_FHM2</subfield>
      <subfield code="f">BOOK</subfield>
      <subfield code="v">ZB_FHM2</subfield>
      <subfield code="X">AMO_TL2_FIX</subfield>
      <subfield code="U">2022-07-10 12:59:00 Europe/Berlin</subfield>
      <subfield code="Y">2022-07-12 13:10:54 Europe/Berlin</subfield>
      <subfield code="h">false</subfield>
      <subfield code="Q">SISIS-Ausleihz&#228;hler Migrationsjahr: 0 | SISIS-Ausleihz&#228;hler Vor-Migrationsjahr: 0 | SISIS-Ausleihz&#228;hler vorletztes Migrationsjahr: 0</subfield>
      <subfield code="M">49HBZ_ULM</subfield>
      <subfield code="s">1</subfield>
      <subfield code="d">8</subfield>
      <subfield code="V">import</subfield>
      <subfield code="b">3G 18788</subfield>
      <subfield code="O">Fernleihkonditionen: 0</subfield>
      <subfield code="a">23602951640006449</subfield>
      <subfield code="R">DBS-Systematik: 0</subfield>
      <subfield code="c">3G 18788</subfield>
      <subfield code="W">2022-07-11 15:14:04 Europe/Berlin</subfield>
      <subfield code="u">ZB</subfield>
      <subfield code="w">ZB</subfield>
    </datafield>
    <datafield tag="ITM" ind1=" " ind2=" ">
      <subfield code="H">22602951540006449</subfield>
      <subfield code="x">EVT_BIB</subfield>
      <subfield code="f">BOOK</subfield>
      <subfield code="v">EVT_BIB</subfield>
      <subfield code="X">AMO_TL2_FIX</subfield>
      <subfield code="U">2022-07-10 12:59:00 Europe/Berlin</subfield>
      <subfield code="Y">2022-07-12 13:10:54 Europe/Berlin</subfield>
      <subfield code="h">false</subfield>
      <subfield code="Q">SISIS-Ausleihz&#228;hler Migrationsjahr: 0 | SISIS-Ausleihz&#228;hler Vor-Migrationsjahr: 0 | SISIS-Ausleihz&#228;hler vorletztes Migrationsjahr: 0</subfield>
      <subfield code="M">49HBZ_ULM</subfield>
      <subfield code="s">1</subfield>
      <subfield code="d">8</subfield>
      <subfield code="V">import</subfield>
      <subfield code="b">Z33-001736</subfield>
      <subfield code="O">Fernleihkonditionen: 3</subfield>
      <subfield code="a">23602951510006449</subfield>
      <subfield code="R">DBS-Systematik: 0</subfield>
      <subfield code="c">NT Gab 969</subfield>
      <subfield code="W">2022-07-11 15:14:04 Europe/Berlin</subfield>
      <subfield code="u">EVT</subfield>
      <subfield code="w">EVT</subfield>
    </datafield>
    <datafield tag="ITM" ind1=" " ind2=" ">
      <subfield code="H">22602951580006449</subfield>
      <subfield code="x">KATJ_BIB</subfield>
      <subfield code="f">BOOK</subfield>
      <subfield code="v">KATJ_BIB</subfield>
      <subfield code="X">AMO_TL2_FIX</subfield>
      <subfield code="U">2022-07-10 12:59:00 Europe/Berlin</subfield>
      <subfield code="Y">2022-07-12 13:10:54 Europe/Berlin</subfield>
      <subfield code="h">false</subfield>
      <subfield code="Q">SISIS-Ausleihz&#228;hler Migrationsjahr: 0 | SISIS-Ausleihz&#228;hler Vor-Migrationsjahr: 0 | SISIS-Ausleihz&#228;hler vorletztes Migrationsjahr: 0</subfield>
      <subfield code="M">49HBZ_ULM</subfield>
      <subfield code="s">1</subfield>
      <subfield code="d">8</subfield>
      <subfield code="V">import</subfield>
      <subfield code="b">Z30-002690</subfield>
      <subfield code="O">Fernleihkonditionen: 3</subfield>
      <subfield code="a">23602951550006449</subfield>
      <subfield code="R">DBS-Systematik: 0</subfield>
      <subfield code="c">HS:C-25,4</subfield>
      <subfield code="W">2022-07-11 15:14:04 Europe/Berlin</subfield>
      <subfield code="u">KATJ</subfield>
      <subfield code="w">KATJ</subfield>
    </datafield>
    <datafield tag="ITM" ind1=" " ind2=" ">
      <subfield code="H">22602951620006449</subfield>
      <subfield code="x">FBH_KPBIB</subfield>
      <subfield code="f">BOOK</subfield>
      <subfield code="v">FBH_KPBIB</subfield>
      <subfield code="X">AMO_TL2_FIX</subfield>
      <subfield code="U">2022-07-10 12:59:00 Europe/Berlin</subfield>
      <subfield code="Y">2022-07-12 13:10:54 Europe/Berlin</subfield>
      <subfield code="h">false</subfield>
      <subfield code="Q">SISIS-Ausleihz&#228;hler Migrationsjahr: 0 | SISIS-Ausleihz&#228;hler Vor-Migrationsjahr: 0 | SISIS-Ausleihz&#228;hler vorletztes Migrationsjahr: 0</subfield>
      <subfield code="M">49HBZ_ULM</subfield>
      <subfield code="s">1</subfield>
      <subfield code="d">8</subfield>
      <subfield code="V">import</subfield>
      <subfield code="b">Z15-000825</subfield>
      <subfield code="O">Fernleihkonditionen: 3</subfield>
      <subfield code="a">23602951590006449</subfield>
      <subfield code="R">DBS-Systematik: 0</subfield>
      <subfield code="c">Hist 6,68/10</subfield>
      <subfield code="W">2022-07-11 15:14:04 Europe/Berlin</subfield>
      <subfield code="u">FBH</subfield>
      <subfield code="w">FBH</subfield>
    </datafield>
    <datafield tag="H52" ind1="8" ind2=" ">
      <subfield code="b">S0001</subfield>
      <subfield code="c">H5</subfield>
      <subfield code="8">2294453400006462</subfield>
    </datafield>
    <datafield tag="HOL" ind1=" " ind2=" ">
      <subfield code="b">2022-07-11 09:32:10</subfield>
      <subfield code="8">2294453400006462</subfield>
      <subfield code="M">49HBZ_SIE</subfield>
      <subfield code="g">false</subfield>
      <subfield code="a">import</subfield>
    </datafield>
    <datafield tag="ITM" ind1=" " ind2=" ">
      <subfield code="H">2294453400006462</subfield>
      <subfield code="x">H5</subfield>
      <subfield code="f">BOOK</subfield>
      <subfield code="v">H5</subfield>
      <subfield code="p">10</subfield>
      <subfield code="X">System</subfield>
      <subfield code="U">1984-08-31 12:59:00 Europe/Berlin</subfield>
      <subfield code="Y">2022-07-11 11:33:07 Europe/Berlin</subfield>
      <subfield code="h">false</subfield>
      <subfield code="n">21INR1017</subfield>
      <subfield code="M">49HBZ_SIE</subfield>
      <subfield code="s">1</subfield>
      <subfield code="d">8</subfield>
      <subfield code="V">import</subfield>
      <subfield code="b">21INR1017</subfield>
      <subfield code="a">2394453370006462</subfield>
      <subfield code="t">8</subfield>
      <subfield code="R">Maintenance count: 013</subfield>
      <subfield code="B">74/18390</subfield>
      <subfield code="D">20000217</subfield>
      <subfield code="W">1984-08-31 02:00:00 Europe/Berlin</subfield>
      <subfield code="u">S0001</subfield>
      <subfield code="w">S0001</subfield>
    </datafield>
    <datafield tag="H52" ind1="8" ind2=" ">
      <subfield code="b">P0001</subfield>
      <subfield code="c">11</subfield>
      <subfield code="8">22136243430006463</subfield>
    </datafield>
    <datafield tag="HOL" ind1=" " ind2=" ">
      <subfield code="b">2022-07-14 09:48:01</subfield>
      <subfield code="8">22136243430006463</subfield>
      <subfield code="M">49HBZ_PAD</subfield>
      <subfield code="g">false</subfield>
      <subfield code="a">import</subfield>
    </datafield>
    <datafield tag="ITM" ind1=" " ind2=" ">
      <subfield code="H">22136243430006463</subfield>
      <subfield code="x">11</subfield>
      <subfield code="f">BOOK</subfield>
      <subfield code="v">11</subfield>
      <subfield code="p">20</subfield>
      <subfield code="X">System</subfield>
      <subfield code="U">1984-08-31 12:59:00 Europe/Berlin</subfield>
      <subfield code="Y">2022-07-14 11:49:10 Europe/Berlin</subfield>
      <subfield code="h">false</subfield>
      <subfield code="n">INR1067</subfield>
      <subfield code="M">49HBZ_PAD</subfield>
      <subfield code="s">1</subfield>
      <subfield code="d">8</subfield>
      <subfield code="V">import</subfield>
      <subfield code="b">INR1067</subfield>
      <subfield code="a">23136243400006463</subfield>
      <subfield code="t">8</subfield>
      <subfield code="R">Maintenance count: 003</subfield>
      <subfield code="B">79/28003</subfield>
      <subfield code="D">20000217</subfield>
      <subfield code="W">1984-08-31 02:00:00 Europe/Berlin</subfield>
      <subfield code="u">P0001</subfield>
      <subfield code="w">P0001</subfield>
    </datafield>
    <datafield tag="GPN" ind1="0" ind2=" ">
      <subfield code="a">Herodes Antipatros</subfield>
      <subfield code="d">v20-39</subfield>
      <subfield code="A">GND</subfield>
      <subfield code="B">GND-118703781</subfield>
      <subfield code="C">400</subfield>
    </datafield>
    <datafield tag="GPN" ind1="0" ind2=" ">
      <subfield code="a">Herodes</subfield>
      <subfield code="c">Antipas</subfield>
      <subfield code="d">v20-39</subfield>
      <subfield code="A">GND</subfield>
      <subfield code="B">GND-118703781</subfield>
      <subfield code="C">400</subfield>
    </datafield>
    <datafield tag="GSI" ind1="7" ind2=" ">
      <subfield code="a">118703781</subfield>
      <subfield code="0">http://d-nb.info/gnd/118703781</subfield>
      <subfield code="2">gnd</subfield>
      <subfield code="A">GND</subfield>
      <subfield code="B">GND-118703781</subfield>
      <subfield code="C">024</subfield>
    </datafield>
    <datafield tag="GPN" ind1="1" ind2=" ">
      <subfield code="a">S&#780;alli&#770;t&#803;, Avra&#772;ha&#772;m</subfield>
      <subfield code="d">1898-1979</subfield>
      <subfield code="9">v:DIN Stand 1982</subfield>
      <subfield code="A">GND</subfield>
      <subfield code="B">GND-143395580</subfield>
      <subfield code="C">400</subfield>
    </datafield>
    <datafield tag="GPN" ind1="1" ind2=" ">
      <subfield code="a">Schalit, A.</subfield>
      <subfield code="d">1898-1979</subfield>
      <subfield code="A">GND</subfield>
      <subfield code="B">GND-143395580</subfield>
      <subfield code="C">400</subfield>
    </datafield>
    <datafield tag="GPN" ind1="1" ind2=" ">
      <subfield code="a">S&#780;LYT&#803;, &#702;.</subfield>
      <subfield code="d">1898-1979</subfield>
      <subfield code="A">GND</subfield>
      <subfield code="B">GND-143395580</subfield>
      <subfield code="C">400</subfield>
    </datafield>
    <datafield tag="GPN" ind1="1" ind2=" ">
      <subfield code="a">Schalit, Abraham</subfield>
      <subfield code="d">1898-1979</subfield>
      <subfield code="A">GND</subfield>
      <subfield code="B">GND-143395580</subfield>
      <subfield code="C">400</subfield>
    </datafield>
    <datafield tag="GPN" ind1="1" ind2=" ">
      <subfield code="a">Shalit, Abraham</subfield>
      <subfield code="d">1898-1979</subfield>
      <subfield code="A">GND</subfield>
      <subfield code="B">GND-143395580</subfield>
      <subfield code="C">400</subfield>
    </datafield>
    <datafield tag="GPN" ind1="1" ind2=" ">
      <subfield code="a">Shalit, Avraham</subfield>
      <subfield code="d">1898-1979</subfield>
      <subfield code="A">GND</subfield>
      <subfield code="B">GND-143395580</subfield>
      <subfield code="C">400</subfield>
    </datafield>
    <datafield tag="GPN" ind1="1" ind2=" ">
      <subfield code="a">Shalit, Abvraham</subfield>
      <subfield code="d">1898-1979</subfield>
      <subfield code="A">GND</subfield>
      <subfield code="B">GND-143395580</subfield>
      <subfield code="C">400</subfield>
    </datafield>
    <datafield tag="GPN" ind1="1" ind2=" ">
      <subfield code="a">S&#780;alit, Avraham</subfield>
      <subfield code="d">1898-1979</subfield>
      <subfield code="A">GND</subfield>
      <subfield code="B">GND-143395580</subfield>
      <subfield code="C">400</subfield>
    </datafield>
    <datafield tag="GSI" ind1="7" ind2=" ">
      <subfield code="a">http://d-nb.info/gnd/143395580</subfield>
      <subfield code="2">uri</subfield>
      <subfield code="A">GND</subfield>
      <subfield code="B">GND-143395580</subfield>
      <subfield code="C">024</subfield>
    </datafield>
  </record>